<?xml version="1.0" encoding="UTF-8"?><collection xmlns="http://www.loc.gov/MARC21/slim"><record><leader>00362nam--2200133-i-4500</leader><controlfield tag="001">000018827</controlfield><controlfield tag="002">20161230</controlfield><controlfield tag="005">20161230201032</controlfield><controlfield tag="008">060222s1000------------r-----000-0-eng-d</controlfield><datafield ind1=" " ind2=" " tag="080"><subfield code="a">621.4</subfield></datafield><datafield ind1=" " ind2=" " tag="100"><subfield code="a">Constantinescu, P., Nerescu, I</subfield></datafield><datafield ind1=" " ind2=" " tag="245"><subfield code="a">Probleme de aparate, masini si instalatii termice</subfield></datafield><datafield ind1=" " ind2=" " tag="260"><subfield code="a">Bucuresti, Editura Tehnica, 1965. 492 P</subfield></datafield><datafield ind1=" " ind2=" " tag="852"><subfield code="a">22421</subfield></datafield></record></collection>